@article{DBLP:journals/ai/BadreddineGSS22,
  author       = {Samy Badreddine and
                  Artur S. d'Avila Garcez and
                  Luciano Serafini and
                  Michael Spranger},
  title        = {Logic Tensor Networks},
  journal      = {Artif. Intell.},
  volume       = {303},
  pages        = {103649},
  year         = {2022},
  url          = {https://doi.org/10.1016/j.artint.2021.103649},
  doi          = {10.1016/J.ARTINT.2021.103649},
  timestamp    = {Thu, 10 Nov 2022 17:26:23 +0100},
  biburl       = {https://dblp.org/rec/journals/ai/BadreddineGSS22.bib},
  bibsource    = {dblp computer science bibliography, https://dblp.org}
}

@article{DBLP:journals/ai/ManhaeveDKDR21,
  author       = {Robin Manhaeve and
                  Sebastijan Dumancic and
                  Angelika Kimmig and
                  Thomas Demeester and
                  Luc De Raedt},
  title        = {Neural probabilistic logic programming in DeepProbLog},
  journal      = {Artif. Intell.},
  volume       = {298},
  pages        = {103504},
  year         = {2021},
  url          = {https://doi.org/10.1016/j.artint.2021.103504},
  doi          = {10.1016/J.ARTINT.2021.103504},
  timestamp    = {Sun, 02 Oct 2022 15:26:59 +0200},
  biburl       = {https://dblp.org/rec/journals/ai/ManhaeveDKDR21.bib},
  bibsource    = {dblp computer science bibliography, https://dblp.org}
}

@incollection{avron2010non,
  title={Non-deterministic semantics for logical systems},
  author={Avron, Arnon and Zamansky, Anna},
  booktitle={Handbook of Philosophical Logic: Volume 16},
  pages={227--304},
  year={2010},
  publisher={Springer}
}

@incollection{belnap1977useful,
  title={A useful four-valued logic},
  author={Belnap Jr, Nuel D},
  booktitle={Modern uses of multiple-valued logic},
  pages={5--37},
  year={1977},
  publisher={Springer}
}

@inproceedings{walicki1994multialgebras,
  title={Multialgebras, power algebras and complete calculi of identities and inclusions},
  author={Walicki, Michal and Meldal, Sigurd},
  booktitle={Workshop on the Specification of Abstract Data Types},
  pages={453--468},
  year={1994},
  organization={Springer}
}

@article{cruz2022logic,
  title={A logic for paraconsistent transition systems},
  author={Cruz, Ana and Madeira, Alexandre and Barbosa, Lu{\'\i}s Soares},
  journal={arXiv preprint arXiv:2204.06737},
  year={2022}
}

@article{DBLP:journals/corr/abs-2301-10555,
  author       = {Cornelis A. Middelburg},
  title        = {A Conventional Expansion of First-Order Belnap-Dunn Logic},
  journal      = {CoRR},
  volume       = {abs/2301.10555},
  year         = {2023},
  url          = {https://doi.org/10.48550/arXiv.2301.10555},
  doi          = {10.48550/ARXIV.2301.10555},
  eprinttype    = {arXiv},
  eprint       = {2301.10555},
  timestamp    = {Thu, 26 Jan 2023 17:49:16 +0100},
  biburl       = {https://dblp.org/rec/journals/corr/abs-2301-10555.bib},
  bibsource    = {dblp computer science bibliography, https://dblp.org}
}

@inproceedings{DBLP:conf/lpar/SlusarzKDSS23,
  author       = {Natalia Slusarz and
                  Ekaterina Komendantskaya and
                  Matthew L. Daggitt and
                  Robert J. Stewart and
                  Kathrin Stark},
  editor       = {Ruzica Piskac and
                  Andrei Voronkov},
  title        = {Logic of Differentiable Logics: Towards a Uniform Semantics of {DL}},
  booktitle    = {{LPAR} 2023: Proceedings of 24th International Conference on Logic
                  for Programming, Artificial Intelligence and Reasoning, Manizales,
                  Colombia, 4-9th June 2023},
  series       = {EPiC Series in Computing},
  volume       = {94},
  pages        = {473--493},
  publisher    = {EasyChair},
  year         = {2023},
  url          = {https://doi.org/10.29007/c1nt},
  doi          = {10.29007/C1NT},
  timestamp    = {Sat, 31 May 2025 23:11:25 +0200},
  biburl       = {https://dblp.org/rec/conf/lpar/SlusarzKDSS23.bib},
  bibsource    = {dblp computer science bibliography, https://dblp.org}
}

@inbook{Possibilistic:Dubois1994,
author = {Dubois, Didier and Lang, J and Prade, Henri},
year = {1994},
month = {01},
pages = {439-513},
title = {Possibilistic logic}
}

@book{priest2008introduction,
  title={An introduction to non-classical logic: From if to is},
  author={Priest, Graham},
  year={2008},
  publisher={Cambridge University Press}
}

